@ARTICLE{2021arXiv210411369J,
	author = {{Johns}, Lucas},
	title = "{Collisional flavor instabilities of supernova neutrinos}",
	journal = {arXiv e-prints},
	keywords = {High Energy Physics - Phenomenology, Astrophysics - High Energy Astrophysical Phenomena},
	year = 2021,
	month = apr,
	eid = {arXiv:2104.11369},
	pages = {arXiv:2104.11369},
	archivePrefix = {arXiv},
	eprint = {2104.11369},
	primaryClass = {hep-ph},
	adsurl = {https://ui.adsabs.harvard.edu/abs/2021arXiv210411369J},
	adsnote = {Provided by the SAO/NASA Astrophysics Data System}
}
